<?xml version="1.0" encoding="UTF-8"?>
<Document xmlns="urn:iso:std:iso:20022:tech:xsd:camt.053.001.02">
	<BkToCstmrStmt>
		<GrpHdr>
			<MsgId>GOLDEN-MULTI-001</MsgId>
			<CreDtTm>2026-04-30T17:00:00+01:00</CreDtTm>
		</GrpHdr>
		<Stmt>
			<Id>GOLDEN-MULTI-EUR</Id>
			<CreDtTm>2026-04-30T17:00:00+01:00</CreDtTm>
			<Acct>
				<Id>
					<IBAN>DE89370400440532013000</IBAN>
				</Id>
			</Acct>
			<Bal>
				<Tp>
					<CdOrPrtry>
						<Cd>OPBD</Cd>
					</CdOrPrtry>
				</Tp>
				<Amt Ccy="EUR">10000.00</Amt>
				<CdtDbtInd>CRDT</CdtDbtInd>
				<Dt>
					<Dt>2026-04-01</Dt>
				</Dt>
			</Bal>
			<Bal>
				<Tp>
					<CdOrPrtry>
						<Cd>CLBD</Cd>
					</CdOrPrtry>
				</Tp>
				<Amt Ccy="EUR">10750.25</Amt>
				<CdtDbtInd>CRDT</CdtDbtInd>
				<Dt>
					<Dt>2026-04-30</Dt>
				</Dt>
			</Bal>
			<Ntry>
				<Amt Ccy="EUR">1250.50</Amt>
				<CdtDbtInd>CRDT</CdtDbtInd>
				<Sts>BOOK</Sts>
				<BookgDt>
					<Dt>2026-04-10</Dt>
				</BookgDt>
				<ValDt>
					<Dt>2026-04-10</Dt>
				</ValDt>
				<NtryDtls>
					<TxDtls>
						<Refs>
							<EndToEndId>EUR-E2E-001</EndToEndId>
						</Refs>
						<RltdPties>
							<Dbtr>
								<Nm>ACME GMBH</Nm>
							</Dbtr>
						</RltdPties>
						<RmtInf>
							<Ustrd>Invoice 2026-117</Ustrd>
						</RmtInf>
					</TxDtls>
				</NtryDtls>
			</Ntry>
			<Ntry>
				<Amt Ccy="EUR">500.25</Amt>
				<CdtDbtInd>DBIT</CdtDbtInd>
				<Sts>BOOK</Sts>
				<BookgDt>
					<Dt>2026-04-15</Dt>
				</BookgDt>
				<ValDt>
					<Dt>2026-04-15</Dt>
				</ValDt>
				<NtryDtls>
					<TxDtls>
						<Refs>
							<EndToEndId>EUR-E2E-002</EndToEndId>
						</Refs>
						<RltdPties>
							<Cdtr>
								<Nm>OFFICE SUPPLIES SARL</Nm>
							</Cdtr>
						</RltdPties>
						<RmtInf>
							<Ustrd>PO 4711</Ustrd>
						</RmtInf>
					</TxDtls>
				</NtryDtls>
			</Ntry>
		</Stmt>
		<Stmt>
			<Id>GOLDEN-MULTI-USD</Id>
			<CreDtTm>2026-04-30T17:00:00+01:00</CreDtTm>
			<Acct>
				<Id>
					<Othr>
						<Id>US-ACCT-0099</Id>
					</Othr>
				</Id>
			</Acct>
			<Bal>
				<Tp>
					<CdOrPrtry>
						<Cd>OPBD</Cd>
					</CdOrPrtry>
				</Tp>
				<Amt Ccy="USD">2500.00</Amt>
				<CdtDbtInd>CRDT</CdtDbtInd>
				<Dt>
					<Dt>2026-04-01</Dt>
				</Dt>
			</Bal>
			<Bal>
				<Tp>
					<CdOrPrtry>
						<Cd>CLBD</Cd>
					</CdOrPrtry>
				</Tp>
				<Amt Ccy="USD">2400.01</Amt>
				<CdtDbtInd>CRDT</CdtDbtInd>
				<Dt>
					<Dt>2026-04-30</Dt>
				</Dt>
			</Bal>
			<Ntry>
				<Amt Ccy="USD">99.99</Amt>
				<CdtDbtInd>DBIT</CdtDbtInd>
				<Sts>BOOK</Sts>
				<BookgDt>
					<Dt>2026-04-20</Dt>
				</BookgDt>
				<ValDt>
					<Dt>2026-04-21</Dt>
				</ValDt>
				<NtryDtls>
					<TxDtls>
						<Refs>
							<EndToEndId>USD-E2E-001</EndToEndId>
						</Refs>
						<RltdPties>
							<Cdtr>
								<Nm>CLOUD HOSTING INC</Nm>
							</Cdtr>
						</RltdPties>
						<RmtInf>
							<Ustrd>Subscription April</Ustrd>
						</RmtInf>
					</TxDtls>
				</NtryDtls>
			</Ntry>
		</Stmt>
	</BkToCstmrStmt>
</Document>
